@Unpublished{Gabler2021,
Title = {A Python Tool for the Estimation of (Structural) Econometric Models.},
Author = {Janos Gabler},
Year = {2021},
Url = {https://github.com/OpenSourceEconomics/estimagic}
}

@unpublished{GaudeckerEconProjectTemplates,
  author = {Hans-Martin von Gaudecker},
  note   = {\url{https://doi.org/10.5281/zenodo.2533241}},
  title  = {Templates for Reproducible Research Projects in Economics},
  year   = {2019}
}

@Unpublished{PozziNunnari,
    Title  = {Structural Behavioral Economics with Python and Julia},
    Author = {Nunnari, S. and Pozzi, M.},
    Year   = {2021},
    Url    = {https://github.com/MassimilianoPozzi/python_julia_structural_behavioral_economics}
}

@article{dellavigna2018motivates,
  title={What motivates effort? Evidence and expert forecasts},
  author={DellaVigna, Stefano and Pope, Devin},
  journal={The Review of Economic Studies},
  volume={85},
  number={2},
  pages={1029--1069},
  year={2018},
  publisher={Oxford University Press}
}